@phdthesis{Shakhimardanov2015,
  author = {Azamat Shakhimardanov},
  title  = {Composable Robot Motion Stack},
  year   = {2015}
},
@book{featherstone2007book,
author = {Featherstone, Roy},
title = {Rigid Body Dynamics Algorithms},
year = {2007},
isbn = {0387743146},
publisher = {Springer-Verlag},
address = {Berlin, Heidelberg}
},
@article{featherstone1999divide,
author = {Featherstone, Roy},
title={A divide-and-conquer articulated-body algorithm for parallel O (log (n)) calculation of rigid-body dynamics. Part 1: Basic algorithm},
journal={The International Journal of Robotics Research},
volume={18},
number={9},
pages={867--875},
year={1999},
publisher={SAGE Publications}
},
@book{johnson2005pid,
  title={PID control},
  author={Johnson, Michael A and Moradi, Mohammad H},
  year={2005},
  publisher={Springer}
},
@book{dadios2012fuzzy,
  title={Fuzzy logic: algorithms, techniques and implementations},
  author={Dadios, Elmer},
  year={2012}
},
@inproceedings{song2017impedance,
  title={Impedance control of robots: an overview},
  author={Song, Peng and Yu, Yueqing and Zhang, Xuping},
  booktitle={2017 2nd international conference on cybernetics, robotics and control (CRC)},
  pages={51--55},
  year={2017},
  organization={IEEE}
},
 @article{de2007constraint,
  title={Constraint-based task specification and estimation for sensor-based robot systems in the presence of geometric uncertainty},
  author={De Schutter, Joris and De Laet, Tinne and Rutgeerts, Johan and Decr{\'e}, Wilm and Smits, Ruben and Aertbeli{\"e}n, Erwin and Claes, Kasper and Bruyninckx, Herman},
  journal={The International Journal of Robotics Research},
  number={5},
  pages={433--455},
  year={2007},
  publisher={Sage Publications Sage UK: London, England}
},
@inproceedings{smits2008itasc,
  title={iTASC: a tool for multi-sensor integration in robot manipulation},
  author={Smits, Ruben and De Laet, Tinne and Claes, Kasper and Bruyninckx, Herman and De Schutter, Joris},
  booktitle={2008 IEEE International Conference on Multisensor Fusion and Integration for Intelligent Systems},
  pages={426--433},
  year={2008},
  organization={IEEE}
},
@inproceedings{decre2009extending,
  title={Extending iTaSC to support inequality constraints and non-instantaneous task specification},
  author={Decr{\'e}, Wilm and Smits, Ruben and Bruyninckx, Herman and De Schutter, Joris},
  booktitle={2009 IEEE International Conference on Robotics and Automation},
  pages={964--971},
  year={2009},
  organization={IEEE}
},
@inproceedings{vanthienen2013force,
  title={Force-sensorless robot force control within the instantaneous task specification and estimation (iTaSC) framework},
  author={Vanthienen, Dominick and Robyns, Steven and Aertbeli{\"e}n, Erwin and De Schutter, Joris},
  booktitle={Benelux Meeting on Systems and Control},
  year={2013}
},
@article{mansard2009unified,
  title={A unified approach to integrate unilateral constraints in the stack of tasks},
  author={Mansard, Nicolas and Khatib, Oussama and Kheddar, Abderrahmane},
  journal={IEEE Transactions on Robotics},
  volume={25},
  number={3},
  pages={670--685},
  year={2009},
  publisher={IEEE}
},
@inproceedings{mansard2009versatile,
  title={A versatile generalized inverted kinematics implementation for collaborative working humanoid robots: The stack of tasks},
  author={Mansard, Nicolas and Stasse, Olivier and Evrard, Paul and Kheddar, Abderrahmane},
  booktitle={2009 International conference on advanced robotics},
  pages={1--6},
  year={2009},
  organization={IEEE}
},
@inproceedings{soetens2005realtime,
  title={Realtime hybrid task-based control for robots and machine tools},
  author={Soetens, Peter and Bruyninckx, Herman},
  booktitle={Proceedings of the 2005 IEEE International Conference on Robotics and Automation},
  pages={259--264},
  year={2005},
  organization={IEEE}
},
@inproceedings{salvietti2015modeling,
  title={Modeling compliant grasps exploiting environmental constraints},
  author={Salvietti, Gionata and Malvezzi, Monica and Gioioso, Guido and Prattichizzo, Domenico},
  booktitle={2015 IEEE International Conference on Robotics and Automation (ICRA)},
  pages={4941--4946},
  year={2015},
  organization={IEEE}
},
@inproceedings{eppner2015planning,
  title={Planning grasp strategies that exploit environmental constraints},
  author={Eppner, Clemens and Brock, Oliver},
  booktitle={2015 IEEE international conference on robotics and automation (ICRA)},
  pages={4947--4952},
  year={2015},
  organization={IEEE}
},

@article{Lee2018,
  doi = {10.21105/joss.00500},
  url = {https://doi.org/10.21105/joss.00500},
  year  = {2018},
  month = {Feb},
  publisher = {The Open Journal},
  volume = {3},
  number = {22},
  pages = {500},
  author = {Jeongseok Lee and Michael X. Grey and Sehoon Ha and Tobias Kunz and Sumit Jain and Yuting Ye and Siddhartha S. Srinivasa and Mike Stilman and C. Karen Liu},
  title = {{DART}: Dynamic Animation and Robotics Toolkit},
  journal = {The Journal of Open Source Software}
},
@misc{ODE, author={Russ Smith},url={http://www.ode.org/}, title={Open Dynamics Engine}
},
@misc{Admin_2022, title={Bullet real-time physics simulation}, url={https://pybullet.org/wordpress/}, journal={Bullet RealTime Physics Simulation}, author={Admin}, year={2022}, month={Mar}
},
@misc{MuJoCo, url={https://mujoco.org/}, author={MuJoCo}},
@article{vereshchagin1989modeling,
  title={Modeling and control of motion of manipulational robots},
  author={Vereshchagin, Anatolii Fedorovich},
  journal={Soviet journal of computer and systems sciences},
  volume={27},
  number={5},
  pages={29--38},
  year={1989},
  publisher={SCRIPTA TECHNICA PUBL 7961 EASTERN AVE, SILVER SPRING, MD 20910}
},
@article{vereshchagin1974computer,
  author={Vereshchagin,A F},
  title={Computer simulation of the dynamics of complicated mechanisms of robot manipulators},
  journal={Eng. Cybernet.},
  volume={12},
  pages={65--70},
  year={1974}
},
@inproceedings{redon2002gauss,
  title={Gauss' least constraints principle and rigid body simulations},
  author={Redon, St{\'e}phane and Kheddar, Abderrahmane and Coquillart, Sabine},
  booktitle={Proceedings 2002 IEEE international conference on robotics and automation (Cat. No. 02CH37292)},
  volume={1},
  pages={517--522},
  year={2002},
  organization={IEEE}
},
@inproceedings{bruyninckx2000gauss,
  title={Gauss' principle and the dynamics of redundant and constrained manipulators},
  author={Bruyninckx, Herman and Khatib, Oussama},
  booktitle={Proceedings 2000 ICRA. Millennium Conference. IEEE International Conference on Robotics and Automation. Symposia Proceedings (Cat. No. 00CH37065)},
  volume={3},
  pages={2563--2568},
  year={2000},
  organization={IEEE}
},
@inproceedings{schneider2019exploiting,
  title={Exploiting linearity in dynamics solvers for the design of composable robotic manipulation architectures},
  author={Schneider, Sven and Bruyninckx, Herman},
  booktitle={2019 IEEE/RSJ International Conference on Intelligent Robots and Systems (IROS)},
  pages={7439--7446},
  year={2019},
  organization={IEEE}
},
@inproceedings{kulkarni2019applying,
  title={Applying the Popov-Vereshchagin hybrid dynamics solver for teleoperation under instantaneous constraints},
  author={Kulkarni, Padmaja and Schneider, Sven and Bennewitz, Maren and Schulz, Dirk and Pl{\"o}ger, Paul},
  booktitle={2019 19th International Conference on Advanced Robotics (ICAR)},
  pages={673--680},
  year={2019},
  organization={IEEE}
},
@article{shakhimardanov2015composable,
  title={Composable robot motion stack: Implementing constrained hybrid dynamics using semantic models of kinematic chains},
  author={Shakhimardanov, Azamat},
  year={2015}
},
@article{gauss1829neues,
  title={{\"U}ber ein neues allgemeines Grundgesetz der Mechanik.},
  author={Gau{\ss}, Carl Friedrich},
  year={1829},
  publisher={Walter de Gruyter, Berlin/New York Berlin, New York}
},
@article{ramm2011principles,
  title={Principles of least action and of least constraint},
  author={Ramm, Ekkehard},
  journal={GAMM-Mitteilungen},
  volume={34},
  number={2},
  pages={164--182},
  year={2011},
  publisher={Wiley Online Library}
},
@article{popov1974control,
  title={Control of Robots - Manipulators},
  author={E. P. Popov},
  journal={Engineering Cybernetics},
  volume={6},
  pages={18-28},
  year={1974}
},
@techreport{Vukcevic2020,
Author = {Vukcevic, Djordje},
Institution = {Hochschule Bonn-Rhein-Sieg},
Title = {Lazy Robot Control by Relaxation of Motion and Force Constraints},
Year = {2020},
Url = {https://doi.org/10.18418/978-3-96043-084-1}
},
@misc{Kinovaapi,
url={https://github.com/Kinovarobotics/kortex/tree/master/api_cpp},
title={Kinova Kortex api}
},
@misc{KINOVA_userguide,
url={https://www.kinovarobotics.com/uploads/User-Guide-Gen3-R07.pdf},
title={KINOVA Â® Gen3 Ultra lightweight robot user guide}
},
@misc{Rosym-Project,
title={ROSYM-project/ROBIF2B: Building blocks for robot interfaces}, 
url={https://github.com/rosym-project/robif2b}
},
@misc{kdl_parser,
title={kdl parser Github repository}, 
url={https://github.com/ros/kdl_parser}
}
,
@misc{roskdlparser,
title={ROS wiki page of kdl parser}, 
url={http://wiki.ros.org/kdl_parser}
},
@misc{gripper,
title={Robotiq 2F-85 and 2F-140 Instruction manual}, 
url={https://assets.robotiq.com/website-assets/support_documents/document/2F-85_2F-140_Instruction_Manual_CB-Series_PDF_20190329.pdf}
},
@misc{Newton_2017, title={Want to be a better writer? try letting a robot tell you what to do}, url={https://qz.com/997006/how-a-robot-improved-my-writing}, journal={Quartz}, publisher={Quartz}, author={Newton, Derek}, year={2017}, month={Jun}} 
,
@misc{Says_2022, title={Are paraphrasing tools affecting the development of academic writing skills?}, url={https://www.enago.com/academy/are-paraphrasing-tools-affecting-the-development-of-academic-writing-skills/}, journal={Enago Academy}, author={Says, Mikiey and says, Raihan Kabir and says, Jeff and says, Paul Faudrin}, year={2022}, month={Sep}},
@article{featherstone1983calculation,
  title={The calculation of robot dynamics using articulated-body inertias},
  author={Featherstone, Roy},
  journal={The international journal of robotics research},
  volume={2},
  number={1},
  pages={13--30},
  year={1983},
  publisher={Sage Publications Sage CA: Thousand Oaks, CA}
},
@article{howe1996practical,
  title={Practical force-motion models for sliding manipulation},
  author={Howe, Robert D and Cutkosky, Mark R},
  journal={The International Journal of Robotics Research},
  volume={15},
  number={6},
  pages={557--572},
  year={1996},
  publisher={Sage Publications Sage CA: Thousand Oaks, CA}
},
@article{kudra2016smooth,
  title={A smooth model of the resultant friction force on a plane contact area},
  author={Kudra, Grzegorz and Awrejcewicz, Jan},
  journal={Journal of Theoretical and Applied Mechanics},
  volume={54},
  number={3},
  pages={909--919},
  year={2016}
},
@inproceedings{lee2023real,
  title={Real-Time Model Predictive Control for Industrial Manipulators with Singularity-Tolerant Hierarchical Task Control},
  author={Lee, Jaemin and Seo, Mingyo and Bylard, Andrew and Sun, Robert and Sentis, Luis},
  booktitle={2023 IEEE International Conference on Robotics and Automation (ICRA)},
  pages={12282--12288},
  year={2023},
  organization={IEEE}
},
